@article{SriFukKumGreHyv14,
author = {Sriperumbudur, B. and Fukumizu, K. and Kumar, R. and Gretton, A. and Hyv\"{a}rinen, A.},
journal = {arXiv preprint arXiv:1312.3516},
title = {{Density Estimation in Infinite Dimensional Exponential Families}},
year = {2014}
}

@inproceedings{strathmann2015gradient,
  title={{Gradient-free Hamiltonian Monte Carlo with Efficient Kernel Exponential Families}},
  author={Strathmann, H. and Sejdinovic, D. and Livingstone, S. and Szabo, Z. and Gretton, A.},
  year={2015},
  booktitle = {NIPS}
}
