@article{SriFukKumGreHyv14,
author = {Sriperumbudur, B. and Fukumizu, K. and Kumar, R. and Gretton, A. and Hyv\"{a}rinen, A.},
journal = {arXiv preprint arXiv:1312.3516},
title = {{Density Estimation in Infinite Dimensional Exponential Families}},
year = {2014}
}

@inproceedings{strathmann2015gradient,
  title={{Gradient-free Hamiltonian Monte Carlo with Efficient Kernel Exponential Families}},
  author={Strathmann, H. and Sejdinovic, D. and Livingstone, S. and Szabo, Z. and Gretton, A.},
  year={2015},
  booktitle = {NIPS}
}

@inproceedings{Rahimi2007,
author = {Rahimi, A. and Recht, B.},
booktitle = {NIPS},
title = {{Random features for large-scale kernel machines}},
pages={1177--1184},
year = {2007}
}

@inproceedings{gorham2015measuring,
  title={Measuring Sample Quality with Stein's Method},
  author={Gorham, J. and Mackey, L.},
  booktitle={NIPS},
  pages={226--234},
  year={2015}
}
